@ARTICLE{Barden1999-vq,
  title     = "Volume-Phase Holographic Gratings and Their Potential for Astronomical Applications",
  author    = "Barden, Samuel C and Arns, James A and Colburn, Willis S",
  journal   = "Proceedings of SPIE - The International Society for Optical Engineering",
  publisher = "Society of Photo-optical Instrumentation Engineers",
  volume    =  3355,
  month     =  jul,
  year      =  1999
}

@INPROCEEDINGS{Hill2003-ko,
  title      = "Volume phase holographic (VPH) grisms for optical and infrared spectrographs",
  booktitle  = "Specialized Optical Developments in Astronomy",
  author     = "Hill, Gary J and Wolf, Marsha J and Tufts, Joseph R and Smith, Erin C",
  publisher  = "SPIE",
  volume     =  4842,
  pages      = "1--9",
  month      =  jan,
  year       =  2003,
  language   = "en",
  conference = "Specialized Optical Developments in Astronomy"
}

% The entry below contains non-ASCII chars that could not be converted to a LaTeX equivalent.
@ARTICLE{Barden2000-sv,
  title     = "Volume‐Phase Holographic Gratings and the Efficiency of Three Simple Volume‐Phase Holographic Gratings",
  author    = "Barden, Samuel C and Arns, James A and Colburn, Willis S and Williams, Joel B",
  journal   = "Publications of the Astronomical Society of the Pacific",
  publisher = "The University of Chicago Press, Astronomical Society of the Pacific",
  volume    =  112,
  number    =  772,
  pages     = "809--820",
  year      =  2000
}

@MISC{Horiba_entrance_optics,
  title        = "Entrance Optics",
  howpublished = "\url{https://www.horiba.com/int/technology/spectroscopy/spectrometers-and-monochromators/entrance-optics/}",
  note         = "Accessed: 2022-01-01"
}

@MISC{Horiba_throughput_etendue,
  title        = "Spectrometer Throughput and Etendue",
  howpublished = "\url{https://www.horiba.com/int/technology/spectroscopy/spectrometers-and-monochromators/spectrometer-throughput-and-etendue/}",
  note         = "Accessed: 2022-01-01"
}

@MISC{Edmund_lens_geometries,
  title        = "Understanding Optical Lens Geometries",
  howpublished = "\url{https://www.edmundoptics.com/knowledge-center/application-notes/optics/understanding-optical-lens-geometries/}",
  note         = "Accessed: 2022-01-01"
}

@MISC{Horiba_monochromator,
  title        = "Monochromator System Optics",
  howpublished = "\url{https://www.horiba.com/int/monochromator-system-optics/\#c8380}",
  note         = "Accessed: 2022-01-01"
}

@MISC{Hollows_undated,
  title        = "System Throughput, f/\#, and Numerical Aperture",
  author       = "Gregory Hollows, Nicholas James",
  howpublished = "\url{https://www.edmundoptics.com/knowledge-center/application-notes/imaging/lens-iris-aperture-setting/}",
  note         = "Accessed: 2022-01-05"
}

@MISC{Ibsen_photonics_coupling,
  title        = "Coupling into your spectrometer",
  howpublished = "\url{https://ibsen.com/wp-content/uploads/Coupling-into-your-spectrometer.pdf}",
  note         = "Accessed: 2022-01-01"
}

@MISC{B&W_Tek,
  title        = "Part 1: The Slit",
  howpublished = "\url{https://bwtek.com/spectrometer-part-1-the-slit/}",
  note         = "Accessed: 2022-01-01"
}

@MISC{Edmund_fov,
  title        = "Understanding Focal Length and Field of View",
  howpublished = "\url{https://www.edmundoptics.com/knowledge-center/application-notes/imaging/understanding-focal-length-and-field-of-view/}",
  note         = "Accessed: 2022-01-01"
}

@MISC{Specim,
  title        = "Technical Note TN-15",
  howpublished = "\url{https://www.channelsystems.ca/sites/default/files/documents/TN_15-FOV_and_iFOV_calculation.pdf}",
  note         = "Accessed: 2022-01-01"
}

@MISC{StellarNet,
  title        = "What is a spectrometer slit?",
  year        = 2017,
  howpublished = "\url{https://www.stellarnet.us/what-is-a-spectrometer-slit/}",
  note         = "Accessed: 2022-01-01"
}

@MISC{Ibsen_photonics_design,
  title        = "Spectrometer Design Guide",
  year        = 2017,
  howpublished = "\url{https://ibsen.com/wp-content/uploads/Spectrometer-design-guide.pdf}",
  note         = "Accessed: 2022-01-01"
}

@MISC{Optecks,
  title        = "The Slit",
  howpublished = "\url{https://www.optecks.com/Portal/index.php/knowledge-center/spectroscopy-root/spect3}",
  note         = "Accessed: 2022-01-01"
}

@MANUAL{N_W_Edmund1968-fm,
  title        = "Graphical Ray Tracing",
  author       = "N. W. Edmund, Sam Brown",
  year         =  1968,
  organization = "Edmund Scientific Co."
}

@MISC{noauthor_undated-zn,
  title        = "Thin Lens Equation",
  howpublished = "\url{http://hyperphysics.phy-astr.gsu.edu/hbase/geoopt/lenseq.html}",
  note         = "Accessed: 2022-01-01"
}

@MISC{noauthor_undated-wt,
  title        = "Paraxial Rays",
  howpublished = "\url{http://hyperphysics.phy-astr.gsu.edu/hbase/geoopt/paraxial.html}",
  note         = "Accessed: 2022-01-01"
}

@MISC{Jones2013,
  title        = "Waves and Oscillations",
  author       = "Matthew Jones",
  year         =  2013,
  howpublished = "\url{http://www.physics.purdue.edu/~jones105/phys42200_Spring2013/notes/Phys42200_Lecture32.pdf}",
  note         = "Accessed: 2022-01-05"
}

@MISC{Nave2017,
  title        = "Principal Planes",
  author       = "Carl R. Nave",
  year         =  2017,
  howpublished = "\url{http://hyperphysics.phy-astr.gsu.edu/hbase/geoopt/priplan.html}",
  note         = "Accessed: 2022-01-05"
}

@MISC{Serbanescu2013,
  title        = "Thick Lenses",
  author       = "Ruxandra Serbanescu",
  year         =  2013,
  howpublished = "\url{https://www.physics.utoronto.ca/~phy224_324/exercises/index-of-refraction/ThickLenses.pdf}",
  note         = "Accessed: 2022-01-05"
}

@MISC{noauthor-2021,
  title        = "DevOptical Part 1: The Real, the Thin and the Thick Lenses",
  year         =  2021,
  howpublished = "\url{https://www.thepulsar.be/article/-devoptical-part-1--the-real--the-thin-and-the-thick-lenses/}",
  note         = "Accessed: 2022-01-05"
}

@MISC{EdmundOptics,
  title        = "Why Use an Achromatic Lens?",
  howpublished = "\url{https://www.edmundoptics.com/knowledge-center/application-notes/optics/why-use-an-achromatic-lens/}",
  note         = "Accessed: 2022-01-09"
}

@MISC{Opticsforhire,
  title        = "Achromatic Doublet Design And Optimization",
  author       = "Victor Argueta",
  howpublished = "\url{https://www.opticsforhire.com/blog/achromatic-doublet-with-flint-crown-glass}",
  note         = "Accessed: 2022-01-09"
}

@MISC{Boundless_undated-to,
  title        = "Lenses",
  author       = "{Boundless}",
  howpublished = "\url{https://courses.lumenlearning.com/boundless-physics/chapter/lenses/}",
  note         = "Accessed: 2022-01-10",
  language     = "en"
}

@MISC{noauthor_undated-cb,
  title        = "Image Formation by Lenses",
  howpublished = "\url{http://hyperphysics.phy-astr.gsu.edu/hbase/geoopt/lensdet.html}",
  note         = "Accessed: 2022-01-10"
}

@MISC{noauthor_2019-yh,
  title        = "Grisms: Uses and Advantages",
  booktitle    = "Wasatch Photonics",
  month        =  feb,
  year         =  2019,
  howpublished = "\url{https://wasatchphotonics.com/technologies/grisms-uses-advantages/}",
  note         = "Accessed: 2022-01-10",
  language     = "en"
}

@ARTICLE{Ebizuka2011-pr,
  title     = "Grisms Developed for FOCAS",
  author    = "Ebizuka, Noboru and Kawabata, Koji S and Oka, Keiko and Yamada, Akiko and Kashiwagi, Masako and Kodate, Kashiko and Hattori, Takashi and Kashikawa, Nobunari and Iye, Masanori",
  journal   = "Publications of the Astronomical Society of Japan",
  publisher = "Oxford Academic",
  volume    =  63,
  number    = "sp2",
  pages     = "S613--S622",
  month     =  mar,
  year      =  2011,
  language  = "en"
}

@MISC{Wikipedia_contributors_undated-ti,
  title        = "Snell's law",
  booktitle    = "Wikipedia, The Free Encyclopedia",
  author       = "Wikipedia contributors",
  howpublished = "\url{https://en.wikipedia.org/wiki/Snell\%27s_law}"
}

@MISC{Hyperphysics,
  title        = "Resolvance of Grating",
  howpublished = "\url{http://hyperphysics.phy-astr.gsu.edu/hbase/phyopt/gratres.html}",
  note         = "Accessed: 2022-01-10"
}

@MISC{Wikipedia_contributors_undated-tx,
  title        = "Telecentric lens",
  booktitle    = "Wikipedia, The Free Encyclopedia",
  author       = "Wikipedia contributors",
  howpublished = "\url{https://en.wikipedia.org/wiki/Telecentric_lens}"
}

@INCOLLECTION{Bentley2012-du,
  title     = "Telecentricity",
  booktitle = "Field Guide to Lens Design",
  author    = "Bentley, Julie and Olson, Craig",
  publisher = "SPIE",
  volume    = "FG27",
  month     =  dec,
  year      =  2012,
  language  = "en"
}

@MISC{noauthor_undated-cw,
  title        = "Marginal and Chief Rays",
  howpublished = "\url{https://spie.org/publications/pm92_161_marginal_chief_rays?SSO=1}",
  note         = "Accessed: 2022-01-15"
}

@MISC{Sischka2015-jc,
  title        = "Straight and True: Telecentric Lenses for Metrology and Quality Assurance",
  booktitle    = "Quality Magazine",
  author       = "Sischka, Nicholas",
  month        =  sep,
  year         =  2015,
  howpublished = "\url{https://www.qualitymag.com/articles/92841-straight-and-true-telecentric-lenses-for-metrology-and-quality-assurance}",
  note         = "Accessed: 2022-01-15",
  language     = "en"
}

@MISC{noauthor_undated-du,
  title        = "The Advantages of Telecentricity",
  howpublished = "\url{https://www.edmundoptics.com/knowledge-center/application-notes/imaging/advantages-of-telecentricity/}",
  note         = "Accessed: 2022-01-15",
  language     = "en"
}

@MISC{MIT_Lec4,
  title        = "Sign conventions; thin lens; real and virtual images",
  month        =  feb,
  year         =  2009,
  howpublished = "\url{https://ocw.mit.edu/courses/mechanical-engineering/2-71-optics-spring-2009/video-lectures/lecture-4-sign-conventions-thin-lenses-real-and-virtual-images/MIT2_71S09_lec04.pdf}",
  note         = "Accessed: 2022-01-16",
}

@MISC{MIT_Lec5,
  title        = "Imaging at finite distances with thin lenses; the human eye",
  month        =  feb,
  year         =  2009,
  howpublished = "\url{https://ocw.mit.edu/courses/mechanical-engineering/2-71-optics-spring-2009/video-lectures/lecture-5-thick-lenses-the-composite-lens-the-eye/MIT2_71S09_lec05.pdf}",
  note         = "Accessed: 2022-01-16",
}

@MISC{Purdue-Lec32,
  title        = "Lecture 32---Geometric Optics",
  year         =  2013,
  howpublished = "\url{https://www.physics.purdue.edu/~jones105/phys42200_Spring2013/notes/Phys42200_Lecture32.pdf}",
  note         = "Accessed: 2022-01-25",
}

@inbook{Hecht-optics-6.1,
    author = "Eugene Hecht",
    title = "Optics",
    edition = "5",
    publisher = "Pearson Higher Education",
    year = "2017",
    chapter = "6.1"
}



