@MISC{Wikipedia_contributors_undated-ti,
  title        = "Snell's law",
  booktitle    = "Wikipedia, The Free Encyclopedia",
  author       = "Wikipedia contributors",
  howpublished = "\url{https://en.wikipedia.org/wiki/Snell\%27s_law}"
}

@ARTICLE{Barden1999-vq,
  title     = "Volume-Phase Holographic Gratings and Their Potential for Astronomical Applications",
  author    = "Barden, Samuel C and Arns, James A and Colburn, Willis S",
  journal   = "Proceedings of SPIE - The International Society for Optical Engineering",
  publisher = "Society of Photo-optical Instrumentation Engineers",
  volume    =  3355,
  month     =  jul,
  year      =  1999
}

@ARTICLE{Barden2000-sv,
  title     = "Volume‐Phase Holographic Gratings and the Efficiency of Three Simple Volume‐Phase Holographic Gratings",
  author    = "Barden, Samuel C and Arns, James A and Colburn, Willis S and Williams, Joel B",
  journal   = "Publications of the Astronomical Society of the Pacific",
  publisher = "The University of Chicago Press, Astronomical Society of the Pacific",
  volume    =  112,
  number    =  772,
  pages     = "809--820",
  year      =  2000
}
@MISC{Hyperphysics,
  title        = "Resolvance of Grating",
  howpublished = "\url{http://hyperphysics.phy-astr.gsu.edu/hbase/phyopt/gratres.html}",
  note         = "Accessed: 2022-01-10"
}

@MISC{Horiba_entrance_optics,
  title        = "Entrance Optics",
  howpublished = "\url{https://www.horiba.com/int/technology/spectroscopy/spectrometers-and-monochromators/entrance-optics/}",
  note         = "Accessed: 2022-01-01"
}

@MISC{Horiba_throughput_etendue,
  title        = "Spectrometer Throughput and Etendue",
  howpublished = "\url{https://www.horiba.com/int/technology/spectroscopy/spectrometers-and-monochromators/spectrometer-throughput-and-etendue/}",
  note         = "Accessed: 2022-01-01"
}

@MISC{Edmund_lens_geometries,
  title        = "Understanding Optical Lens Geometries",
  howpublished = "\url{https://www.edmundoptics.com/knowledge-center/application-notes/optics/understanding-optical-lens-geometries/}",
  note         = "Accessed: 2022-01-01"
}

@MISC{Horiba_monochromator,
  title        = "Monochromator System Optics",
  howpublished = "\url{https://www.horiba.com/int/monochromator-system-optics/\#c8380}",
  note         = "Accessed: 2022-01-01"
}

@MISC{Hollows_undated,
  title        = "System Throughput, f/\#, and Numerical Aperture",
  author       = "Gregory Hollows, Nicholas James",
  howpublished = "\url{https://www.edmundoptics.com/knowledge-center/application-notes/imaging/lens-iris-aperture-setting/}",
  note         = "Accessed: 2022-01-05"
}

@MISC{Ibsen_photonics_coupling,
  title        = "Coupling into your spectrometer",
  howpublished = "\url{https://ibsen.com/wp-content/uploads/Coupling-into-your-spectrometer.pdf}",
  note         = "Accessed: 2022-01-01"
}

@MISC{B&W_Tek,
  title        = "Part 1: The Slit",
  howpublished = "\url{https://bwtek.com/spectrometer-part-1-the-slit/}",
  note         = "Accessed: 2022-01-01"
}

@MISC{StellarNet,
  title        = "What is a spectrometer slit?",
  year        = 2017,
  howpublished = "\url{https://www.stellarnet.us/what-is-a-spectrometer-slit/}",
  note         = "Accessed: 2022-01-01"
}

@MISC{Ibsen_photonics_design,
  title        = "Spectrometer Design Guide",
  year        = 2017,
  howpublished = "\url{https://ibsen.com/wp-content/uploads/Spectrometer-design-guide.pdf}",
  note         = "Accessed: 2022-01-01"
}

@MISC{Optecks,
  title        = "The Slit",
  howpublished = "\url{https://www.optecks.com/Portal/index.php/knowledge-center/spectroscopy-root/spect3}",
  note         = "Accessed: 2022-01-01"
}

@MISC{noauthor_undated-zn,
  title        = "Thin Lens Equation",
  howpublished = "\url{http://hyperphysics.phy-astr.gsu.edu/hbase/geoopt/lenseq.html}",
  note         = "Accessed: 2022-01-01"
}

@MISC{noauthor_undated-wt,
  title        = "Paraxial Rays",
  howpublished = "\url{http://hyperphysics.phy-astr.gsu.edu/hbase/geoopt/paraxial.html}",
  note         = "Accessed: 2022-01-01"
}

@MISC{Boundless_undated-to,
  title        = "Lenses",
  author       = "{Boundless}",
  howpublished = "\url{https://courses.lumenlearning.com/boundless-physics/chapter/lenses/}",
  note         = "Accessed: 2022-01-10",
  language     = "en"
}

